3034 4925
301 338 344 398 18
381 349 385 356 ’
484 315 486 324 ’
681 327 721 385 Μ
764 326 797 386 A.
842 323 1042 384 PLAUTI

234 515 239 528 ¹
300 497 364 555 Lor.
381 497 460 565 Fau
487 494 627 552 abscedite
646 492 722 549 binc!
739 489 811 548 ‘Nos
830 491 1014 546 concedimus
1033 491 1095 550 bna

267 585 275 594 '
300 582 358 638 sto
374 582 485 637 brevem
501 578 652 638 outonem
669 576 816 651 incipisse.
861 573 912 634 Pt.
930 575 1005 634 Hem
1021 576 1059 632 nri
1075 577 1148 631 istuc

296 666 414 724 certum
430 667 497 718 erat.
541 659 672 716 Concede
688 660 750 716 huc.
1158 671 1161 688 ⁸

299 746 363 805 Lo.
379 740 470 804 ‘Abire
488 745 524 802 ab
539 744 611 804 aas.
658 740 726 818 Tyn.
745 740 867 802 obnoxii
882 741 965 800 timbo
982 743 1063 802 vobis
1081 759 1176 800 sumus
1276 783 1281 800 .

299 830 417 904 Propter
434 826 505 884 hauc
522 826 722 900 remquam,
749 845 822 900 quae
840 825 963 884 volumus
982 845 1048 896 not,
1075 825 1171 900 copiiae
1353 847 1360 854 ·

298 913 401 970 Facitis
418 929 469 966 nos
487 911 638 986 compotes.

299 994 349 1063 Plo.
368 994 475 1051 Se'eede
488 993 707 1060 homuncium,
734 992 759 1050 sl
773 992 885 1052 videbit
898 994 1007 1068 procul,

217 1123 221 1138 .
298 1077 344 1136 Ne
358 1078 458 1134 *arbitri
474 1078 550 1133 dicta
566 1081 663 1136 nostra
681 1071 809 1134 arbitrari
826 1083 941 1149 queant,
1021 1081 1027 1096 ’

298 1157 362 1218 Neri
378 1160 522 1236 permanet
540 1159 631 1234 palam
649 1158 718 1216 isaeo
735 1165 832 1220 nostra
852 1159 967 1218 fallioia

135 1233 143 1248 ’
190 1243 195 1248 ’
266 1290 269 1295 -
297 1243 372 1304 Nm
389 1243 444 1302 doli
461 1245 518 1301 ιιόιι
535 1242 590 1302 doli
608 1243 688 1312 sont,
712 1243 767 1300 nisi
782 1245 846 1302 astri
864 1241 950 1314 colas,

188 1401 191 1408 ι
287 1328 357 1385 -sed
371 1326 474 1384 malum
490 1327 665 1395 maximum,
692 1327 717 1384 si
736 1327 768 1386 td
785 1325 877 1401 pelam
895 1329 1031 1401 provenit.
1077 1349 1081 1360 .

297 1410 373 1472 Nam
391 1412 414 1467 si
430 1411 512 1470 bertas
529 1411 560 1468 ut
574 1410 641 1468 milri
656 1429 702 1480 os,
730 1416 816 1490 atque
831 1416 943 1483 egomet
958 1412 1022 1468 e'sse
1039 1414 1117 1466 tuum

1497 1459 1499 1492 l

1497 1503 1498 1520 ι

296 1576 368 1627 cobis
386 1575 458 1628 Detis
475 1573 555 1626 locum
574 1575 701 1643 loquendi.
735 1574 778 1628 lta
793 1572 866 1630 Libri
882 1589 985 1636 omues,
1009 1569 1059 1626 nisi
1074 1567 1144 1637 quod
1162 1566 1228 1625 Coti·
1245 1569 1305 1622 Sur·
1324 1572 1439 1626 morium
1497 1541 1499 1546 .

314 1660 344 1695 ro
361 1661 386 1694 v.
404 1646 486 1695 locum
503 1651 530 1694 et
546 1643 596 1694 Ed.
615 1643 711 1710 (ibarp.
728 1650 808 1708 atque
826 1659 844 1692 u
860 1643 931 1693 vobis
946 1657 992 1696 aes
1007 1639 1087 1700 Dotis,
1103 1637 1171 1692 unda
1183 1636 1343 1688 Burmannus
1365 1640 1439 1689 scri-

296 1660 406 1763 lendum
422 1711 600 1764 existimabat:
619 1717 704 1778 Atque,
719 1728 737 1761 a
753 1711 825 1763 uobis
841 1723 887 1761 ιισι
904 1711 970 1761 detis
987 1707 1109 1775 laquearii
1125 1706 1227 1772 acum„
1240 1711 1269 1755 ut
1286 1715 1358 1756 esset
1375 1717 1438 1756 cre-

295 1778 362 1831 ticus
378 1785 535 1831 tetrameter.
570 1779 693 1846 Apertior
708 1785 795 1829 tamen
812 1778 926 1831 clausula
942 1783 997 1829 este
1016 1777 1089 1827 Detia
1105 1777 1187 1825 iocum
1204 1774 1331 1840 loquendi,
1357 1791 1436 1844 quam

295 1855 325 1898 ut
343 1846 475 1899 obscurari
492 1864 523 1897 ea
539 1846 628 1914 possit.
663 1845 789 1913 Superior
806 1855 891 1899 autem
908 1863 996 1899 nemim
1013 1850 1059 1896 aut
1081 1842 1219 1894 molossum
1241 1841 1320 1894 babet
1337 1841 1364 1891 ἰιι
1383 1843 1436 1894 line

176 1959 182 1968 ,
270 1959 272 1965 ι
295 1932 342 1984 pro
361 1916 465 1978 cretico,
483 1919 529 1966 aut
546 1912 654 1965 orations
671 1919 712 1963 ast
728 1912 902 1974 catalecticus,
926 1913 999 1980 quasi
1016 1912 1112 1963 aditum
1128 1910 1226 1976 iacietis
1243 1909 1276 1964 ad
1294 1910 1434 1962 damulam

249 2031 252 2048 ,
296 1999 403 2052 eamque
418 1984 470 2034 iam
486 1996 657 2048 praeparariue
1290 2007 1296 2013 -

369 2068 402 2117 Ut
416 2068 471 2128 pice
487 2065 556 2112 lrs'see
574 2062 677 2111 debirit
693 2062 771 2126 sitque
786 2061 918 2126 co—bis,
939 2060 1011 2110 nobis
1147 2073 1149 2080 ·

391 2135 395 2146 ⁴
493 2130 567 2180 Delia
584 2130 666 2184 lotum
684 2129 811 2193 loquendi.
1078 2129 1081 2138 '

295 2196 513 2254 Hermanniratio
531 2203 636 2268 propter
651 2195 802 2248 inusitatum
819 2195 920 2248 dieendi
944 2212 1038 2261 genus:
1073 2196 1143 2246 loeus
1160 2196 1281 2263 loquendi
1296 2214 1342 2248 uos
1364 2198 1434 2250 baud
1498 2209 1499 2214 ’

294 2267 427 2335 probanda
442 2261 499 2317 esse
515 2264 624 2316 videtur.

328 2337 372 2392 22.
391 2336 517 2400 locipesre
534 2341 605 2388 recte
621 2330 748 2383 scribitur.
783 2332 834 2383 last
856 2330 922 2382 enim
946 2331 1099 2397 incipestera
1122 2330 1318 2383 desideratlvum
1339 2340 1370 2386 ut
1386 2351 1432 2385 ca·

292 2417 402 2472 pestere,
414 2395 554 2469 facessere.
577 2400 649 2452 Libri
664 2400 766 2452 variant
782 2400 836 2451 sic:
854 2401 990 2467 inrepat-se,
1007 2400 1139 2466 incepisse,
1156 2400 1284 2469 iucipisee,
1301 2404 1432 2471 incipitur,
1453 2437 1455 2439 -

295 2473 428 2540 incepisse.
464 2473 590 2538 lucipeasc
606 2478 692 2522 tamen
710 2468 916 2537 plurimi-corum
938 2468 1059 2519 exhibere
1079 2468 1213 2533 videntur,
1238 2486 1303 2538 quos
1326 2472 1436 2534 contulit

295 2540 417 2662 {pascha
452 2540 519 2658 Turp
537 2541 604 2591 Hom
622 2540 750 2601 mittiue,
767 2546 796 2590 ut
812 2546 921 2590 metrum
937 2536 1048 2605 flagitat,
1066 2537 1193 2589 Cod.Gu
1205 2541 1315 2592 membr.
1334 2541 1434 2611 Vulgo:

325 2627 365 2661 em
381 2613 446 2662 istuc
463 2611 500 2660 mi
517 2610 535 2659 i.

329 2678 372 2751 24.
390 2679 432 2733 lta
448 2678 529 2729 codd.
547 2681 625 2745 atque
642 2674 709 2728 uod.
728 2691 832 2738 omnes,
854 2672 882 2725 in
899 2690 951 2741 qua
966 2671 1076 2723 lectione
1092 2671 1155 2723 nihil
1166 2676 1320 2727 mutandum.
1336 2644 1437 2727 Ρειιιιὶ-ι
1499 2700 1500 2711 2

295 2746 357 2798 tima
379 2747 406 2798 in
429 2748 499 2798 abite
522 2762 570 2814 pro
595 2744 677 2807 brevi,
702 2750 730 2794 ut
747 2760 834 2817 saepe,
852 2749 958 2794 accentu
975 2740 1003 2791 in
1019 2742 1100 2808 prima
1117 2742 1287 2810 praevalente,
1323 2743 1434 2803 Obooaii

296 2821 342 2867 aut
358 2814 519 2873 scribendum
537 2819 582 2862 aut
599 2811 816 2878 ptonunciandum
832 2817 952 2878 tanquam
970 2809 1134 2873 trisyllabum.

329 2881 371 2933 25.
392 2880 475 2941 Quum
493 2895 567 2939 quae.
603 2878 665 2927 Cod.
680 2878 738 2925 Sur.
757 2893 862 2942 cunque.
896 2877 955 2939 Alii,
970 2877 1175 2946 testoscioppio,
1193 2897 1249 2930 oum
1266 2897 1351 2945 quum,
1371 2898 1428 2935 oum
1499 2878 1500 2883 ¹

295 2964 355 3015 quc.
389 2944 471 2995 Recte
487 2945 578 2996 Leidd.
600 2945 667 3015 apud
685 2945 840 3004 Bosscham‚
862 2948 891 2993 ut
908 2943 1028 2994 dedimus.
1069 2946 1154 3014 Vulgo
1173 2965 1229 2998 cum
1245 2964 1317 3012 qaae.
1358 2949 1429 3000 Tum

295 3018 342 3083 pro
360 3029 401 3064 vv.
419 3014 508 3081 copiae
526 3013 623 3062 Facitis
641 3011 672 3065 G.
689 3011 748 3061 Sur.
767 3017 796 3063 ut
812 3010 897 3077 vulgo,
914 3014 989 3078 copia
1006 3020 1044 3064 est
1061 3032 1093 3066 eo
1101 3015 1202 3079 facitis,
1219 3015 1295 3082 atque
1310 3013 1428 3066 itsVos·

295 3080 362 3132 siani
385 3086 412 3130 et
433 3079 525 3133 Leidd.
542 3079 573 3130 Α.
590 3078 628 3130 B.»
656 3077 709 3131 Sed
731 3077 806 3131 Leid.
831 3078 862 3131 Ο.
885 3082 959 3147 eopia
985 3097 1018 3131 co
1028 3084 1053 3142 J.
1079 3083 1168 3134 cnosso
1192 3088 1237 3133 est
1277 3083 1363 3150 Atque
1386 3082 1429 3135 ita

296 3148 371 3199 etlam
389 3147 452 3198 (lod.
471 3150 523 3200 Gu.
540 3155 661 3216 uterque3
678 3162 758 3215 quare
775 3152 846 3199 recte
863 3148 951 3204 Herm.
966 3149 1069 3201 videtur
1083 3150 1234 3220 scripsisse:
1251 3151 1339 3219 copiae
1352 3153 1428 3215 suci-

295 3217 337 3287 tir.
371 3214 439 3266 Nam
454 3220 540 3287 copiae
558 3218 670 3284 aliquem
687 3223 828 3283 compotem
839 3221 946 3282 jacere,
976 3235 1008 3269 ex
1030 3227 1156 3272 consueta
1178 3219 1332 3273 abundantia
1347 3219 1426 3273 Plau·

295 3284 356 3335 tina.
389 3283 463 3333 Ordo
479 3294 533 3336 est:
555 3301 752 3353 quamarcia,
778 3291 845 3353 quae
861 3287 992 3352 volumus,
1019 3290 1109 3354 copiae
1126 3306 1171 3340 uos
1188 3297 1313 3357 compotes
1322 3290 1425 3355 jacitis,

179 3378 185 3391 x
269 3392 273 3411 ι
294 3352 320 3403 h.
333 3368 355 3402 e.
374 3360 459 3402 eorum
476 3353 573 3419 copiam
590 3352 664 3407 nobis
681 3353 820 3427 praebetis.
856 3356 906 3406 not
923 3358 1133 3422 copiomlrobere
1152 3374 1229 3424 quum
1243 3357 1353 3420 dicatur,
1372 3375 1425 3413 ιιιιι-

158 3484 165 3497 ,
247 3416 251 3431 ⁴
294 3418 359 3488 plius
378 3419 426 3469 hoc
443 3420 564 3487 produxit
579 3420 685 3474 Plautus
702 3421 727 3477 h.
746 3421 764 3471 l.
783 3422 884 3474 dicensi
903 3427 1041 3488 compotem
1058 3425 1098 3472 rei
1114 3427 1314 3489 copiaesacere.
1339 3426 1423 3478 Locu-

294 3486 371 3539 tionis
388 3488 514 3555 asperitas
531 3488 663 3553 emollitur,
681 3489 749 3557 quod
767 3490 833 3541 alter
849 3490 976 3557 genitivus
993 3490 1018 3539 h.
1036 3489 1053 3537 l.
1072 3489 1205 3554 omittitur.

264 3608 270 3619 ,
327 3557 370 3609 32.
389 3555 471 3639 Vulgo
489 3560 516 3607 et
532 3556 559 3607 in
576 3556 658 3615 Codri.
675 3558 744 3619 sor,
762 3559 875 3609 'omnibus
893 3560 961 3627 apud
977 3557 1082 3608 Bossch.
1099 3556 1150 3606 Gu'.
1168 3562 1293 3627 utroque:
1312 3560 1384 3614 Nam
1400 3561 1424 3612 si

271 3624 371 3675 barus
388 3625 450 3674 mibi
468 3642 494 3675 es
509 3631 540 3681 tu
554 3632 634 3681 metro
651 3627 810 3694 perturbato.
844 3626 893 3676 Ed.
918 3627 1003 3679 Parm-
1041 3624 1108 3672 Naur
1128 3625 1151 3673 si
1165 3626 1232 3674 ormi
1247 3625 1325 3677 iterur
1343 3647 1369 3681 es
1385 3637 1422 3682 tm

293 3692 376 3743 Recte
390 3691 517 3743 ordinavi-t
530 3693 620 3747 Herm.
655 3694 722 3744 Tum
738 3695 831 3761 vulgor
857 3701 934 3760 atque
952 3709 1001 3759 ego
1018 3707 1059 3740 me
1076 3698 1149 3747 tuum
1168 3709 1221 3753 epse
1238 3710 1339 3747 servum
1357 3698 1422 3748 usel-
1462 3748 1466 3761 Ι

294 3763 369 3811 mulo.
402 3759 466 3814 (iod.
484 3760 543 3810 Sur.
568 3756 719 3830 utque'ego
744 3779 785 3813 mc
809 3769 880 3817 tuum
899 3777 952 3809 esso
968 3774 1068 3813 surium
1086 3761 1249 3813 assimulabo.
1285 3761 1349 3815 coo.
1369 3766 1422 3817 Gu.

255 3876 262 3885 ‚
293 3829 396 3883 membr.
414 3846 462 3891 om,
481 3845 541 3879 esse.
554 3827 646 3879 chart.
665 3844 714 3901 ego
732 3840 774 3881 me
791 3835 937 3885 esre‘toum
955 3845 975 3879 e.
1000 3829 1129 3879 assimulo.
1170 3829 1328 3883 Eiiciendum
1342 3832 1431 3884 niele,

293 3896 370 3946 batur
386 3894 536 3965 quibusdam
553 3913 622 3963 osse,
664 3904 752 3967 ropter
767 3913 858 3962 vagant
875 3895 928 3951 eius
944 3896 971 3947 in
989 3896 1069 3948 codd.
1085 3897 1171 3949 sedem
1222 3898 1280 3953 Hoc
1297 3897 1420 3951 autemsi

292 3963 353 4025 fiat,
379 3982 427 4032 ego
451 3964 564 4016 ultimam
587 3980 632 4033 pro
651 3971 724 4027 ucat,
749 3964 817 4035 quod
841 3980 965 4032 nusquam
987 3966 1115 4021 invenitur
1136 3966 1185 4018 bac
1211 3974 1297 4018 aetate
1320 3970 1421 4018 factum.

293 4029 365 4095 Ergo
383 4032 544 4084 scribendum
561 4040 672 4100 egomet,
691 4035 803 4082 ceterum
819 4031 954 4097 retinentia
970 4034 1045 4086 lectio
1064 4036 1116 4086 Gu.
1135 4035 1216 4087 chart.
1244 4038 1362 4105 Aliquem
1378 4051 1420 4085 ut-

294 4090 415 4148 rimoiure
439 4101 547 4153 affertur
571 4117 603 4152 ex
625 4099 701 4155 ovid.
725 4100 788 4150 olet.
808 4099 878 4164 XlV,
896 4104 954 4157 653.
982 4105 1148 4159 Assimuluoit
1172 4122 1258 4155 carim.
1300 4103 1421 4154 Fortasse

294 4164 334 4215 ita
344 4163 476 4230 legendum
492 4169 596 4219 Poenul.
614 4168 649 4234 II,
668 4171 692 4232 1,
709 4169 751 4221 57.
794 4169 870 4237 leque
892 4179 923 4224 ut
947 4175 1111 4231 assimularet
1131 4174 1299 4240 peregrinum
1316 4170 1420 4221 aliunde

244 4238 247 4242 “
293 4250 324 4286 err
341 4234 570 4300 cliooppido,ubi
587 4236 676 4305 vulgat
696 4237 860 4306 liquescat
878 4256 904 4292 u.
1290 4254 1296 4259 '

1149 4390 1162 4431 p
