3034 4925
679 451 719 510 ru
763 445 1042 534 arrium
1113 495 1121 508 ,

430 622 485 679 llic
503 619 576 674 mim
592 618 668 676 domi
685 618 770 680 servit
786 616 838 673 sud
854 617 941 693 petri,
969 635 1022 674 nec
1041 618 1095 672 scit
1111 623 1199 692 pater.
1229 669 1231 672 .

428 703 577 762 Enimvero
592 702 629 759 Di
645 721 698 759 uos
715 703 796 777 quisi
812 701 882 777 pilas
899 701 1023 757 homines
1041 700 1154 757 habent.

428 788 577 845 Rationem
595 786 720 857 habetis,
749 786 890 862 quomodo
906 803 992 842 uuum
1008 786 1139 842 amiserit

429 871 586 945 Postqnim
601 869 766 945 belligerant
780 868 873 927 Aetoli
890 888 953 926 cmn
968 863 1054 940 'Aliis

428 954 471 1012 Ut
488 956 523 1010 iit
540 956 569 1010 in
585 954 673 1025 bello,
705 955 814 1030 cipitur
831 953 901 1012 ulter
920 951 1007 1010 filius.¹

430 1038 558 1096 Mediceis
574 1037 740 1098 Menarchus
757 1038 825 1094 emit
845 1038 947 1095 ibidem
967 1039 997 1093 in
1012 1029 1111 1093 'Alide
1158 1063 1162 1068 ¹

389 1139 391 1146 ·
431 1122 533 1197 Coepit
549 1123 673 1197 captivos
690 1123 867 1179 cimmereeri
884 1121 928 1179 hic
944 1116 1037 1191 llilios,

430 1207 461 1261 Si
477 1205 559 1280 quem
573 1207 694 1280 reperire
710 1206 818 1281 pisset,
846 1225 903 1280 quo
919 1207 1009 1262 mutet
1027 1223 1109 1261 suum

344 1282 347 1288 “
430 1281 674 1363 lllrimcaptivum3
700 1290 775 1346 hunc
786 1291 867 1345 stium
878 1309 940 1346 esse
950 1291 1050 1359 nescit,
1073 1289 1122 1363 qui
1134 1286 1210 1344 domi
1222 1294 1273 1343 est

427 1371 614 1444 Etoudniam
631 1372 692 1432 lieri
709 1372 878 1440 indaudivi,
906 1373 943 1427 de
965 1374 1071 1427 summe
1088 1372 1149 1425 loeo
1219 1389 1224 1393 ·
1313 1429 1315 1432 ,
1386 1373 1495 1432 ’3οω

431 1455 601 1529 Summdque
616 1474 718 1529 genere
734 1455 848 1528 ciptum
866 1472 927 1509 esse
948 1455 1071 1527 equitem
1087 1446 1200 1519 ‘Alium3

430 1537 506 1596 Nihil
522 1538 613 1612 pretio
630 1540 733 1614 parsit,
761 1538 817 1594 illio
829 1538 903 1593 dum
919 1538 1060 1613 pirceret:

419 1621 619 1679 “Recdnciliare
635 1629 668 1678 ut
684 1622 791 1679 licilius
808 1621 904 1697 posset
922 1622 1044 1690 domum,

431 1706 506 1784 Emit
523 1706 607 1763 hdsce
625 1707 662 1762 de
679 1706 785 1782 praeda
802 1706 884 1762 imbo
902 1705 938 1764 ‹le
955 1701 1165 1770 Quaestdribus.

473 1791 559 1846 Hisce
576 1791 669 1847 alitem
685 1792 759 1846 inter
775 1785 837 1847 sese
851 1788 925 1844 hunc
941 1786 1132 1844 confinxerint
1153 1782 1255 1854 dolum,
1407 1791 1443 1844 35
1495 1853 1496 1856 Ἴ

431 1873 496 1953 Quo
509 1873 593 1947 picto
605 1875 629 1929 is
641 1892 736 1930 servos
750 1873 830 1927 stium
840 1869 937 1928 herum
946 1871 1011 1927 hinc
1023 1869 1134 1927 amittit
1146 1868 1266 1925 dommn.

430 1954 531 2030 Itaque
547 1956 619 2012 inter
636 1961 667 2011 'se
685 1955 857 2010 commutant
874 1958 1030 2011 vestenrac
1047 1952 1166 2009 mimine.

429 2039 488 2094 llllc
505 2043 620 2094 vocatur
634 2037 820 2106 Philocrates,
848 2035 893 2092 hic
916 2036 1097 2112 Tyndarum·

430 2121 521 2177 Huius
537 2121 606 2191 illic,
634 2121 678 2177 hic
695 2120 777 2176 huius
792 2119 875 2176 hddie
889 2121 945 2177 fert
960 2118 1115 2192 imiginem.

338 2327 382 2378 21:
398 2325 476 2377 Domi
492 2322 699 2390 monosyllabum.

227 2438 230 2447 ,
337 2391 381 2448 24.
398 2393 491 2445 Aetoli.
526 2394 643 2444 Graecus
655 2395 776 2448 accentus
794 2391 860 2443 banc
872 2388 1107 2461 pronunciationem
1128 2383 1251 2442 adiuvare
1270 2359 1304 2440 et·
1316 2406 1440 2442 excusare

193 2426 206 2495 ’Δ
304 2462 419 2515 videturi
456 2463 580 2515 Αἰτωλοί.
617 2463 680 2513 Cum
692 2477 743 2513 non
755 2461 868 2524 clidium,
883 2466 913 2512 ut
927 2477 1012 2527 saepe.
1176 2522 1179 2529 Δ
1497 2498 1498 2519 2

338 2534 382 2587 95.
405 2533 440 2583 Ut
443 2534 487 2597 fit.
498 2546 501 2553 ’
521 2529 675 2582 Producitur
681 2531 727 2595 fit,
746 2529 817 2599 quod
827 2529 949 2595 ignorum
961 2526 1078 2579 Bosschu
1088 2524 1161 2576 dedit
1180 2527 1264 2592 Uttfit
1275 2529 1303 2579 iu
1317 2527 1392 2577 bello.
1497 2526 1498 2531 ’

336 2603 380 2654 28.
401 2601 456 2663 Quo
470 2606 553 2651 mutet
565 2616 648 2650 suum.
684 2597 748 2650 Cod.
763 2599 823 2650 Sur.
836 2595 926 2650 et‘Gu.
938 2597 1020 2647 chart.
1034 2611 1141 2661 quocum
1154 2602 1236 2647 mutet
1248 2614 1270 2646 a.
1291 2595 1342 2647 Alii
1356 2595 1438 2647 eodo,

259 2720 262 2727 .
305 2674 332 2718 et
346 2668 490 2721 Edd.vett.
506 2684 564 2720 cum
576 2683 673 2735 quom.
689 2683 709 2717 s.
743 2667 890 2719 Palatsec.
904 2683 954 2732 quo
966 2671 1048 2715 mutet
1061 2680 1081 2714 s.
1098 2661 1217 2730 idemque
1240 2666 1348 2732 praebet
1365 2663 1439 2715 Leid.

303 2736 333 2787 Β.
347 2736 426 2805 idque
435 2737 556 2788 dedimus.
594 2737 657 2788 Com
669 2733 805 2787 insiticium
819 2753 878 2787 esse
890 2732 942 2785 iam
953 2730 1085 2784 Acidalius
1096 2728 1172 2795 vidit,
1189 2731 1301 2801 itemque
1308 2731 1439 2784 Gitanius.

338 2822 380 2872 30.
400 2821 561 2869 indormivit.
594 2819 677 2884 Vulgo
690 2819 751 2883 inde
767 2820 885 2879 audivit,
904 2824 982 2883 atque
995 2816 1033 2866 ita
1047 2815 1130 2866 Codd.
1145 2822 1172 2868 et
1184 2822 1249 2869 vett.
1263 2817 1331 2869 Eldd.
1344 2834 1438 2869 omnes.

304 2886 386 2937 Recte
400 2902 463 2936 vero
476 2885 527 2937 iam
542 2884 604 2935 Gul.
621 2885 741 2945 Quaestt.
753 2883 782 2933 in
797 2885 873 2951 Capi.
886 2883 908 2945 Ι,
916 2899 948 2999 p.
961 2885 1003 2934 71.
1021 2884 1170 2937 indaudioit
1186 2885 1273 2954 prisca
1290 2887 1373 2940 forma
1395 2903 1439 2939 rs·-
1468 2904 1471 2919 ·

304 2953 465 3005 scribendum
476 2951 583 3002 censuit.
618 2953 742 3002 Testatur
760 2952 915 3001 Gronov.a
949 2948 1103 3017 marginem,
1127 2952 1227 3019 Langg.
1244 2952 1322 3002 libros
1342 2954 1441 3006 habere

305 3020 370 3071 lione
388 3021 507 3081 formam,
532 3035 622 3069 verum
641 3017 780 3085 Scioppius
801 3016 862 3068 nibil
881 3018 980 3069 retulit.
1023 3019 1144 3072 Ceterum
1163 3021 1258 3088 legitur
1277 3020 1365 3074 eadem
1388 3040 1441 3079 vox

304 3088 381 3139 Milit.
394 3084 430 3149 ΙΙ,
444 3091 468 3146 1,
483 3089 526 3140 58.
544 3086 606 3137 ibid.
617 3087 653 3150 Π,
666 3086 691 3147 5,
705 3087 750 3139 32.
768 3091 795 3137 et
809 3083 880 3137 elibi.

338 3158 381 3211 ³1.
401 3157 520 3221 Equitem
534 3154 645 3206 ultimam
660 3172 712 3205 non
722 3153 803 3206 elidit.

338 3224 382 3278 34.
400 3225 480 3274 Ambo
496 3222 584 3291 recepi
597 3242 612 3275 e
626 3223 689 3274 Cod.
702 3223 761 3277 Sur.
775 3225 828 3274 Gu.
841 3221 920 3274 chart.
934 3222 1068 3291 Leiddll.
1081 3228 1109 3276 et
1121 3223 1152 3275 C.
1175 3221 1259 3291 Vulgo
1272 3225 1369 3282 ambos.

337 3292 380 3346 35.
400 3291 479 3342 Hisce
491 3300 586 3343 autem.
609 3292 694 3359 Vulgo
707 3293 781 3343 Hice.
811 3290 864 3343 Sed
879 3291 963 3343 Codd.
976 3292 1111 3344 Sur.Guel
1147 3296 1285 3361 .'uterque‚
1301 3299 1356 3346 tres
1370 3297 1441 3364 apud

303 3359 448 3421 Bosscham,
466 3359 567 3410 Monac.
581 3360 709 3411 Palatini:
727 3361 813 3410 Hisce.
832 3360 964 3411 Accedunt
976 3361 1043 3412 Edd.
1055 3361 1099 3412 Pr.
1141 3361 1180 3412 ed.
1196 3361 1267 3413 Cain.
1293 3363 1358 3417 Vide
1371 3380 1441 3431 quae

303 3427 392 3480 notavi
404 3428 436 3478 ad
451 3427 526 3478 llsrlit.
541 3428 580 3481 ed.
596 3427 654 3479 min.
667 3427 702 3491 Π,
720 3431 745 3488 6,
762 3431 787 3482 6.
805 3445 838 3496 ps
858 3465 864 3477 .
879 3431 922 3483 68.
957 3429 1006 3479 Adi
1019 3428 1095 3481 etiam
1106 3428 1257 3480 Arellinium
1275 3430 1307 3482 ad
1319 3431 1342 3481 b.
1354 3430 1371 3481 l.
1391 3434 1441 3499 qui

192 3520 197 3523 ·
304 3497 409 3550 eandem
424 3496 529 3547 formam
543 3513 576 3548 ex
587 3496 796 3565 inscriptionibus
849 3502 903 3560 ert,
918 3495 976 3547 ,ubi
992 3496 1057 3547 adeo
1078 3498 1214 3551 Hersen
1232 3499 1441 3553 emeremus

225 3606 230 3613 .
303 3583 351 3635 pro
366 3565 431 3621 Hice
446 3565 575 3630 magistri.
610 3565 678 3616 Orta
692 3571 737 3616 est
755 3581 787 3616 ex
802 3566 964 3631 metaplasmo
987 3564 1180 3631 declinationis,
1204 3584 1282 3637 quum
1301 3584 1376 3638 pron.
1396 3569 1440 3622 bie

303 3634 371 3702 apud
382 3633 452 3685 Vett.
464 3633 540 3684 etiam
552 3633 585 3684 sd
594 3634 696 3685 tertiam
709 3632 774 3684 decl
788 3631 909 3684 inflexum
924 3651 981 3685 esse
993 3640 1090 3685 eertum
1106 3634 1149 3686 sit.

336 3722 379 3774 36.
403 3719 459 3784 Quo
471 3718 769 3784 poctoisseroossuom
784 3718 873 3767 berum
890 3719 948 3769 bine
961 3722 1189 3781 amittetdomum.
1228 3719 1271 3777 Ita
1283 3721 1359 3789 plane
1373 3720 1437 3773 Cod.

303 3789 362 3841 Sur.
382 3788 411 3853 Q.
424 3803 450 3853 p.
465 3788 487 3837 is
498 3790 582 3837 seruet
593 3787 683 3838 lterum
698 3802 773 3838 suum
793 3786 851 3836 binc
870 3789 978 3839 amictot
997 3790 1109 3840 domum.
1144 3790 1197 3839 Gu.
1210 3790 1314 3840 membr.
1332 3792 1363 3857 Q.
1376 3789 1438 3856 mis

301 3875 389 3909 servus
403 3857 493 3907 lterum
504 3871 579 3906 auum
589 3855 630 3905 bic
644 3871 694 3905 om.
704 3856 730 3907 d.
767 3856 817 3905 Gu.
826 3854 906 3907 chart.
923 3855 948 3904 ls
961 3873 1046 3909 seruos
1059 3863 1113 3908 tres
1122 3856 1202 3907 Codd.
1217 3856 1437 3925 apudBosscham.

302 3928 394 3976 Servos
408 3941 506 3976 servom
519 3922 583 3974 Cod.
596 3922 668 3979 Leid.
684 3922 714 3974 C.
741 3924 835 3975 Servus
848 3939 936 3974 seeum
950 3923 1051 3977 Monac.
1066 3941 1122 3976 cum
1134 3923 1236 3991 glossa:
1256 3927 1348 3980 babitu
1361 3926 1437 3990 servi,

301 3996 369 4044 teste
380 3991 482 4044 Bothio.
517 3991 653 4042 Editiones
665 3995 730 4042 vett.
746 4008 832 4043 ornnes
843 3992 968 4059 praebent
982 3994 1050 4062 quod
1064 3993 1195 4059 dedimus,
1220 3993 1271 4045 nisi
1308 3996 1360 4047 uod
1382 3995 1438 4062 ple-

300 4076 397 4179 plapque
410 4061 513 4178 bliclprtp)
523 4061 562 4180 eph
590 4059 659 4112 Male
672 4059 781 4114 Botbius
792 4058 897 4127 scripsit
907 4077 993 4114 seruos
1008 4078 1107 4115 servom
1119 4062 1219 4128 berum,
1237 4013 1308 4132 quod
1320 4063 1382 4115 mihi
1396 4061 1438 4123 ‚vi-

320 4143 377 4179 eur
392 4143 408 4176 a
469 4145 486 4177 u
562 4145 644 4180 enum.
906 4150 908 4155 ·
1086 4150 1089 4155 ·

288 4226 295 4237 =
335 4196 378 4249 39.
399 4194 450 4275 His
467 4195 548 4246 buius.
582 4197 665 4252 Recte
680 4194 719 4249 sic
739 4197 804 4250 Ood.
823 4198 875 4250 Gn.
893 4198 997 4252 membr.
1016 4202 1098 4252 metro
1118 4198 1231 4252 iubente.
1268 4197 1359 4255 Ceteri
1374 4194 1437 4273 iibri

301 4279 402 4316 omnes:
419 4261 555 4316 tretilius.
862 4297 873 4314 .
956 4266 970 4281 ²
